<record><leader>00000cas a22000007a 4500</leader><controlfield tag="001">13290788</controlfield><controlfield tag="008">860313d19031904mtuwr ne      0    0eng d</controlfield><datafield ind1=" " ind2=" " tag="010"><subfield code="a">sn 86075071 </subfield></datafield><datafield ind1=" " ind2=" " tag="040"><subfield code="a">MTL</subfield><subfield code="b">eng</subfield><subfield code="c">MTL</subfield><subfield code="d">OCLCQ</subfield></datafield><datafield ind1=" " ind2=" " tag="042"><subfield code="a">msc</subfield></datafield><datafield ind1="0" ind2=" " tag="130"><subfield code="a">Missoula times (Missoula, Mont. : 1903)</subfield></datafield><datafield ind1="1" ind2="4" tag="245"><subfield code="a">The Missoula times.</subfield></datafield><datafield ind1="3" ind2="0" tag="246"><subfield code="a">Missoula daily times</subfield></datafield><datafield ind1=" " ind2=" " tag="260"><subfield code="a">Missoula, Mont. :</subfield><subfield code="b">Times Pub. Co.,</subfield><subfield code="c">1903-1904.</subfield></datafield><datafield ind1=" " ind2=" " tag="300"><subfield code="a">1 v.</subfield></datafield><datafield ind1=" " ind2=" " tag="310"><subfield code="a">Weekly,</subfield><subfield code="b">Apr. 16, 1904-July 30, 1904</subfield></datafield><datafield ind1=" " ind2=" " tag="321"><subfield code="a">Daily (except Sun.),</subfield><subfield code="b">Jan. 21, 1904-Apr. &lt;9&gt;, 1904</subfield></datafield><datafield ind1=" " ind2=" " tag="321"><subfield code="a">Weekly,</subfield><subfield code="b">Dec. 12, 1903-Jan. 16. 1904</subfield></datafield><datafield ind1="0" ind2=" " tag="362"><subfield code="a">Vol. 1, no. 1 (Dec. 12, 1903)-v. 1, no. 88 (July 30, 1904).</subfield></datafield><datafield ind1=" " ind2=" " tag="752"><subfield code="a">United States</subfield><subfield code="b">Montana</subfield><subfield code="c">Missoula</subfield><subfield code="d">Missoula.</subfield></datafield><datafield ind1="0" ind2="0" tag="785"><subfield code="t">Missoula journal</subfield><subfield code="w">(DLC)sn 86075072</subfield></datafield></record>